<record><leader>00000cas a2200000 a 4500</leader><controlfield tag="001">11946551</controlfield><controlfield tag="008">850422d19621964ksuwr ne      0    0eng d</controlfield><datafield ind1=" " ind2=" " tag="010"><subfield code="a">sn 85029995 </subfield></datafield><datafield ind1=" " ind2=" " tag="040"><subfield code="a">KSH</subfield><subfield code="b">eng</subfield><subfield code="c">KSH</subfield><subfield code="d">NPT</subfield><subfield code="d">OCL</subfield><subfield code="d">OCLCQ</subfield></datafield><datafield ind1=" " ind2=" " tag="042"><subfield code="a">msc</subfield></datafield><datafield ind1="0" ind2=" " tag="130"><subfield code="a">Johnson County courier (Overland Park, Kan.)</subfield></datafield><datafield ind1="1" ind2="4" tag="245"><subfield code="a">The Johnson County courier.</subfield></datafield><datafield ind1="1" ind2="3" tag="246"><subfield code="a">Johnson County daily courier</subfield><subfield code="f">Oct. 10, 1962-Aug. 23, 1963</subfield></datafield><datafield ind1=" " ind2=" " tag="260"><subfield code="a">Overland Park, Kan. :</subfield><subfield code="b">Courier Pub. Co.</subfield></datafield><datafield ind1=" " ind2=" " tag="300"><subfield code="a">v. :</subfield><subfield code="b">ill. ;</subfield><subfield code="c">43 cm.</subfield></datafield><datafield ind1=" " ind2=" " tag="310"><subfield code="a">Weekly,</subfield><subfield code="b">Aug. 28, 1963-</subfield></datafield><datafield ind1=" " ind2=" " tag="321"><subfield code="a">Three times a week,</subfield><subfield code="b">&lt;May 2&gt;-Aug. 10, 1962</subfield></datafield><datafield ind1=" " ind2=" " tag="321"><subfield code="a">Daily,</subfield><subfield code="b">Aug. 13, 1962-Aug. 23, 1963</subfield></datafield><datafield ind1="1" ind2=" " tag="362"><subfield code="a">Began in 1962? Ceased in 1964?</subfield></datafield><datafield ind1=" " ind2=" " tag="515"><subfield code="a">Numbering is irregular.</subfield></datafield><datafield ind1=" " ind2=" " tag="525"><subfield code="a">Includes a weekly advertising supplement published on Wednesday called: Johnson County courier shoppers guide, &lt;May 2, 1962&gt;-Aug. 23, 1963.</subfield></datafield><datafield ind1=" " ind2=" " tag="588"><subfield code="a">Description based on: Vol. 1, no. 14 (May 2, 1962).</subfield></datafield><datafield ind1=" " ind2=" " tag="752"><subfield code="a">United States</subfield><subfield code="b">Kansas</subfield><subfield code="c">Johnson</subfield><subfield code="d">Overland Park.</subfield></datafield></record>